<record><leader>00812cam a2200229 a 4500</leader><controlfield tag="001">1312010</controlfield><controlfield tag="008">900814s1985    yu                0 srp c</controlfield><datafield ind1=" " ind2=" " tag="035"><subfield code="a">ocm20498308</subfield></datafield><datafield ind1=" " ind2=" " tag="040"><subfield code="b">eng</subfield></datafield><datafield ind1=" " ind2=" " tag="049"><subfield code="a">AEU</subfield><subfield code="b">eng</subfield></datafield><datafield ind1=" " ind2="3" tag="055"><subfield code="a">PG 1418 P49</subfield><subfield code="b">Z7 D362 1985</subfield></datafield><datafield ind1="0" ind2=" " tag="090"><subfield code="a">PG 1418 P49 Z7 D362 1985</subfield></datafield><datafield ind1="0" ind2="0" tag="245"><subfield code="a">Delo Veljka Petrovi&#263;a :</subfield><subfield code="b">zbornik radova /</subfield><subfield code="c">[odgovorni urednik Jovan Jerkovi&#263;].</subfield></datafield><datafield ind1=" " ind2=" " tag="260"><subfield code="a">Novi Sad :</subfield><subfield code="b">Matica srpska,</subfield><subfield code="c">1985.</subfield></datafield><datafield ind1=" " ind2=" " tag="300"><subfield code="a">297 p. ;</subfield><subfield code="c">24 cm.</subfield></datafield><datafield ind1=" " ind2=" " tag="336"><subfield code="a">text</subfield><subfield code="b">txt</subfield><subfield code="2">rdacontent</subfield></datafield><datafield ind1=" " ind2=" " tag="337"><subfield code="a">unmediated</subfield><subfield code="b">n</subfield><subfield code="2">rdamedia</subfield></datafield><datafield ind1=" " ind2=" " tag="338"><subfield code="a">volume</subfield><subfield code="b">nc</subfield><subfield code="2">rdacarrier</subfield></datafield><datafield ind1=" " ind2=" " tag="596"><subfield code="a">38</subfield></datafield><datafield ind1="1" ind2="0" tag="600"><subfield code="a">Petrovi&#263;, Veljko,</subfield><subfield code="d">1884-1967</subfield><subfield code="x">Criticism and interpretation.</subfield></datafield><datafield ind1="1" ind2=" " tag="700"><subfield code="a">Jerkovi&#263;, Jovan.</subfield></datafield><datafield ind1=" " ind2=" " tag="926"><subfield code="a">PG 1418 P49 Z7 D362 1985</subfield><subfield code="w">LC</subfield><subfield code="c">1</subfield><subfield code="i">000033597352</subfield><subfield code="l">ON_SHELF</subfield><subfield code="m">UABARD</subfield><subfield code="p">$150.00</subfield><subfield code="r">Y</subfield><subfield code="s">Y</subfield><subfield code="t">BOOK</subfield><subfield code="u">8/20/1990</subfield><subfield code="o">.STAFF. A0044418</subfield></datafield></record>